1624 2690
609 202 716 230 ODES
740 201 795 230 OF
819 201 1001 229 HORACE.
1396 199 1442 237 45

381 300 536 344 gratum
555 294 712 332 elocuta
730 287 1033 332 consiliantibus

383 357 540 396 Iunone
562 355 692 395 Divis:
723 356 839 404 Ilion,
863 354 968 394 Ilion

436 418 562 473 ffflssh'fl
581 419 835 469 incestusque
855 417 975 457 iudex

488 489 528 521 et
547 480 688 520 mulier
706 480 910 532 peregrina
928 480 1044 520 vertit
1393 492 1444 518 20

382 544 423 583 in
441 545 654 596 pulverem,
676 556 726 583 ex
744 556 825 594 quo
845 543 1023 583 destituit
1042 543 1141 583 deos

381 608 565 647 mercede
582 614 698 658 pacta
718 607 963 654 Laomedon,
986 605 1084 644 mihi

435 678 646 721 castaeque
666 671 899 709 damnatum
922 669 1127 708 Minervae

489 746 582 772 cum
601 734 751 784 populo
770 740 810 772 et
829 732 932 771 duce
951 732 1213 771 fraudulento.

383 809 462 834 iam
482 809 556 835 nec
577 797 782 834 Lacaenae
801 795 984 846 splendet
1003 795 1206 834 adulterae

382 859 556 897 famosus
575 859 721 909 hospes
739 870 814 896 nec
833 857 979 896 Priami
998 858 1144 896 domus

437 920 590 971 periura
610 933 810 971 pugnaces
829 920 1006 959 Achivos

493 982 703 1022 Hectoreis
723 982 866 1034 opibus
886 982 1070 1033 refringit,

383 1045 607 1104 nostrisque
626 1047 792 1084 ductum
812 1045 1074 1094 seditionibus

383 1107 532 1146 bellum
552 1121 635 1146 rese
667 1108 706 1146 it.
764 1107 943 1158 protinus
962 1114 1002 1146 et
1020 1119 1156 1158 graves
1393 1117 1444 1155 30

437 1169 512 1208 iras
532 1177 571 1208 et
590 1163 760 1208 invisum
780 1177 980 1220 nepotem,
1305 1193 1396 1245 §.LA
1416 1208 1435 1229 a

491 1231 635 1270 Troica
653 1245 774 1282 quem
794 1232 946 1283 peperit
964 1232 1160 1280 sacerdos,
1190 1218 1245 1266 ἢ·

384 1294 504 1334 Marti
523 1295 726 1334 redonabo
735 1309 746 1344 3
774 1295 885 1333 illum
905 1308 980 1345 ego
998 1293 1150 1334 lucidas

383 1356 481 1397 inire
500 1359 625 1405 sedes,
647 1358 794 1397 ducere
814 1357 981 1396 nectaris
1122 1357 1160 1393 to
1183 1362 1289 1414 τιμή
1314 1394 1322 1403 ,

439 1432 556 1459 sucos
575 1427 614 1459 et
633 1420 804 1459 adscribi
823 1419 967 1470 quietis

491 1482 698 1522 ordinibus
717 1482 843 1533 patiar
861 1483 1040 1522 deorum.

383 1545 481 1585 dum
500 1546 641 1595 longus
661 1545 761 1584 inter
780 1544 925 1584 saeviat
947 1544 1052 1583 Ilion

386 1608 640 1657 Romamque
659 1615 817 1657 pontus,
840 1606 1017 1657 qualibet
1036 1607 1190 1646 exsules

438 1669 479 1707 in
498 1677 608 1720 parte
627 1677 817 1719 regnanto
836 1668 962 1717 beati3

494 1732 591 1770 dum
613 1721 773 1770 Pnami
777 1730 1008 1781 Paridisque
1028 1730 1147 1770 busto
1391 1744 1444 1780 40

386 1794 546 1832 insultet
565 1801 788 1833 armentum
807 1800 847 1833 et
866 1794 1018 1832 catulos
1037 1794 1142 1833 ferae

384 1856 513 1895 celent
533 1855 690 1904 inultae,
712 1863 788 1895 stet
808 1855 1052 1907 Capitolium

437 1919 591 1969 fulgens
610 1918 940 1969 triumphatisque
959 1917 1083 1969 possit

492 1982 624 2020 Roma
643 1982 752 2020 ferox
771 1982 866 2020 dare
885 1981 968 2020 iura
990 1980 1134 2020 Medis.

384 2043 581 2082 horrenda
599 2044 676 2082 late
695 2056 844 2082 nomen
863 2043 904 2082 in
924 2043 1082 2082 ultimas

384 2106 571 2144 extendat
589 2118 688 2153 oras,
711 2118 791 2156 qua
810 2105 966 2145 medius
986 2105 1115 2156 liquor

438 2167 606 2207 secernit
627 2169 814 2218 Europen
831 2168 883 2207 ab
902 2169 1011 2215 Afro,

491 2242 570 2280 qua
588 2230 766 2278 tu-midus
785 2229 883 2281 rigat
900 2243 992 2269 arva
1012 2229 1138 2278 Nilus,

384 2303 525 2330 aurum
544 2291 775 2342 irrepertum
794 2291 846 2331 ef
853 2291 910 2331 sic
928 2291 1069 2331 melius
1089 2291 1207 2332 situm

384 2365 478 2392 cum
496 2360 598 2393 terra
616 2355 728 2402 celat,
750 2366 934 2405 spernere
952 2353 1088 2394 fortior
1390 2364 1443 2405 50
