1676 2696
627 195 734 224 onns
759 195 812 224 οἳ
838 195 1019 224 nomen
1415 195 1457 231 41

401 287 473 326 sed
493 300 544 326 ne
563 286 719 335 relictis,
742 288 861 326 Musa
879 298 1035 338 prOCaX,
1057 285 1155 326 iocis

402 351 510 390 Ceae
529 357 714 389 retractes
734 362 898 389 munera
917 349 1076 388 neniae:

454 425 613 451 mecum
635 411 818 451 Dionaeo
838 411 913 451 sub
932 419 1047 450 antro

509 487 654 526 quaere
674 475 817 514 modos
835 473 981 514 leviore
1000 475 1161 526 plectro.
1409 485 1462 521 40

1159 534 1278 588 (Odes
1298 547 1340 574 11.
1363 534 1406 587 i.)

786 625 859 664 XI.

402 726 490 764 Iam
509 738 636 776 pauca
655 733 783 765 aratro
802 724 936 776 iugera
954 723 1084 776 regiae

401 790 526 827 moles
545 787 779 838 relinquent,
802 787 980 838 undique
999 786 1115 826 latius

455 858 613 890 extenta
631 850 806 889 visentur
826 850 999 889 Lucrino

508 920 645 963 stagna
664 914 763 960 lacu,
786 913 1047 963 platanusque
1068 911 1225 952 caelebs

401 974 554 1014 evincet
574 976 723 1023 ulmos;
751 982 836 1014 tum
855 975 1016 1013 violaria
1035 982 1074 1014 et

401 1044 549 1087 myrtus
568 1045 607 1076 et
627 1037 757 1076 omnis
775 1036 892 1088 copia
911 1036 1064 1076 narium

455 1106 639 1150 spargent
658 1099 811 1138 olivetis
831 1100 996 1138 odorem

508 1162 700 1200 fertilibus
720 1161 885 1201 domino
904 1161 1023 1212 priori
1030 1175 1043 1209 5

400 1230 487 1262 tum
507 1224 631 1274 spissa
650 1223 768 1263 ramis
788 1225 918 1262 laurea
937 1223 1109 1262 fervidos

400 1287 583 1325 excludet
602 1285 714 1325 ictus.
772 1299 855 1324 non
874 1285 928 1325 ita
949 1285 1114 1325 Romuli
1411 1299 1460 1324 10

454 1347 739 1398 praescriptum
759 1355 799 1387 et
817 1347 964 1387 intonsi
985 1347 1151 1388 Catonis

507 1409 692 1460 auspiciis
711 1417 968 1461 veterumque
988 1423 1136 1449 norma.

400 1471 573 1522 privatus
591 1472 666 1511 illis
686 1485 828 1512 census
847 1480 929 1512 erat
948 1471 1088 1520 brevis,

400 1546 615 1573 commune
634 1547 842 1585 magnum:
872 1535 980 1574 nulla
999 1534 1256 1586 decempedis

454 1603 601 1635 metata
619 1595 779 1646 privatis
798 1609 967 1647 opacam

506 1658 680 1708 porticus
699 1658 921 1708 excipiebat
940 1659 1105 1706 Arcton,

400 1732 475 1758 nec
494 1720 698 1759 fortuitum
718 1733 903 1771 spernere
922 1720 1114 1770 cespitem

399 1782 505 1833 leges
525 1782 717 1830 sinebant,
740 1782 890 1833 oppida
908 1782 1070 1833 publico

453 1852 614 1894 sumptu
634 1844 815 1884 iubentes
834 1851 874 1883 et
894 1845 1062 1883 deorum

506 1907 655 1957 templa
674 1919 780 1946 novo
798 1907 986 1946 decorare
1006 1919 1110 1946 saxo.
1409 1920 1459 1945 20

1122 1967 1240 2018 (Odes
1260 1980 1301 2008 11.
1324 1968 1403 2019 xv.)

774 2056 871 2094 XII.

398 2152 480 2193 Odi
498 2154 707 2203 profanum
725 2154 865 2205 vulgus
884 2161 923 2193 et
941 2167 1058 2194 arceo
1066 2168 1078 2203 ς

398 2215 525 2254 favete
545 2206 705 2266 lffi‘guis:
734 2216 910 2255 carmina
929 2229 1011 2255 non
1031 2216 1137 2273 prius
1175 2220 1188 2245 ⁷

452 2276 588 2327 ayssdssta
609 2279 816 2316 Musarum
836 2279 1022 2318 sacerdos
1175 2280 1179 2283 ’

507 2338 723 2390 virginibus
741 2340 955 2391 puerisque
974 2347 1102 2380 canto.
