1676 2696
685 198 792 226 ODES
817 198 870 226 010*
895 196 1074 225 HORACE.

742 490 780 536 s
832 495 927 534 VII,

1174 632 1331 651 .-μθ-

463 645 583 705 Nune
603 672 661 704 est
681 636 914 711 bibendum,
935 674 1042 700 nunc
1061 661 1164 711 pede
1183 659 1308 699 libero

463 728 658 779 pulsanda
678 728 803 773 tellus,
825 738 933 765 nunc
954 723 1164 763 Saliaribus

518 803 656 829 ornare
675 788 855 849 pulvinar
874 789 1040 827 deorum

404 879 464 908 s?-
571 859 728 901 tempus
747 857 829 889 erat
848 849 1028 900 dapibus,
1050 848 1216 887 sodales.

463 914 632 953 antehac
652 892 817 951 nefas-
782 913 1015 969 depromere
1035 909 1267 949 Caecubum
1324 929 1353 945 -s
1363 926 1451 946 w·-

465 976 572 1016 cellis
592 975 715 1025 affitis,
734 975 831 1013 dum
847 972 1046 1024 Capitolio

518 1038 652 1088 regina
672 1037 878 1076 dementes
898 1035 1028 1073 ruinas

573 1101 691 1138 funus
711 1106 751 1137 et
771 1096 935 1148 imperio
954 1095 1116 1147 parabat

467 1162 738 1202 contaminato
758 1173 850 1198 cum
870 1172 985 1211 grege
1004 1157 1178 1208 turpium

467 1225 608 1264 morbo
628 1224 810 1270 virorum,
833 1221 1028 1272 quidlibet
1046 1220 1244 1269 impotens
1304 1231 1343 1254 s

522 1299 676 1338 sperare
696 1287 932 1334 fortunaque
952 1282 1058 1322 dulci

577 1349 692 1388 ebria.
752 1348 824 1386 sed
843 1345 985 1384 minuit
1004 1346 1175 1382 furorem

467 1412 531 1451 vix
549 1424 628 1449 una
648 1423 783 1460 sospes
803 1408 912 1447 navis
931 1407 983 1446 ab
1002 1406 1169 1457 ignibus,

469 1464 732 1523 mentemque*
745 1471 987 1522 lymphatam
1008 1467 1228 1507 Mareotico

523 1535 674 1586 redegit
694 1534 734 1572 in
748 1546 862 1573 veros
881 1533 1042 1571 timores

580 1599 736 1644 Caesar,
758 1596 810 1634 ab
830 1594 945 1634 Italia
963 1594 1163 1632 volantem

471 1660 588 1700 remis
607 1660 814 1720 adgggem,
836 1656 1022 1720 acQter
1039 1656 1147 1694 velut

372 1713 377 1721 ⁴
418 1728 427 1732 ”
470 1723 610 1762 molles
630 1720 836 1760 columbas
855 1726 923 1758 aut
942 1719 1117 1781 leporem
1137 1717 1238 1756 citus

526 1792 688 1824 venator
707 1783 748 1822 in
767 1781 918 1832 campis
937 1774 1074 1819 nivalis

582 1844 843 1892 Haemoniae,
866 1844 976 1883 daret
995 1849 1038 1880 ut
1057 1840 1205 1880 catenis
1246 1865 1251 1870 -

474 1910 590 1949 fatale
610 1902 847 1946 monstrum:
876 1917 979 1959 quae
998 1886 1224 1955 generosius
1240 1905 1280 1940 ,ω’
1322 1923 1325 1927 -

474 1972 600 2023 perire
620 1981 813 2020 quaerens
832 1979 907 2006 nec
926 1964 1167 2005 muliebriter

529 2032 683 2083 expavit
702 2043 838 2070 ensem
858 2042 932 2068 nec
950 2029 1116 2067 latentes

583 2096 707 2133 classe
727 2092 804 2131 cita
822 2088 1012 2146 repagavit
1032 2102 1129 2128 oras.

477 2171 572 2197 ausa
591 2164 630 2196 et
650 2156 844 2194 iacentem
864 2153 988 2192 visere
1006 2150 1153 2202 regiam
1255 2160 1281 2185 ι,
1325 2175 1327 2178 ⁴
1354 2175 1371 2180 .,
1388 2153 1397 2170 2

477 2221 585 2259 voltu
606 2230 756 2265 sereno,
778 2215 886 2255 fortis
906 2222 944 2254 et
963 2226 1119 2264 asperas

531 2287 696 2320 tractare
715 2285 926 2329 serpentes,
947 2283 991 2315 ut
1009 2283 1136 2314 atrum

585 2354 749 2393 corpore
767 2339 1012 2380 combiberet
1030 2349 1238 2384 venenum,

1473 1228 1520 1253 10

1478 1851 1528 1875 20
