1676 2696
592 182 699 209 omas
725 181 778 209 OF
803 181 982 209 HORACE.
1380 182 1420 219 35

366 272 537 311 minatus
557 272 660 312 Urbi
679 271 818 319 vincla,
841 285 943 322 quae
963 273 1181 312 detraxerat

419 334 539 374 servis
557 335 709 374 amicus
728 335 900 386 perfidis.
1376 348 1424 374 10

367 400 585 445 Romanus,
607 398 710 437 eheu
721 397 932 448 !-—posteri
952 397 1198 448 negabitis—

419 461 692 511 emancipatus
710 460 882 499 feminae

365 525 437 562 fert
457 524 602 561 vallum
622 530 661 562 et
680 536 789 561 arma
807 523 921 562 miles
941 530 979 562 et
999 523 1244 574 spadonibus

420 586 563 624 servire
581 585 734 636 rugosis
754 593 895 636 potest,

365 649 545 698 interque
565 648 675 699 signa
694 655 808 699 turpe
828 647 1010 687 militaria

420 711 479 750 sol
494 710 662 761 adspicit
682 710 909 762 conopium.

366 774 418 812 ad
438 774 546 811 hunc
565 774 786 820 frementes,
808 780 1006 812 verterunt
1026 772 1087 812 bis
1107 772 1214 813 mille
1233 786 1357 824 equos

421 835 534 883 Galli,
557 843 744 874 canentes
764 837 987 884 Caesarem,

366 897 649 948 hostiliumque
668 898 828 937 navium
848 906 964 949 portu
984 900 1107 938 latent

419 973 573 1012 puppes
593 960 859 999 sinistrorsum
879 961 990 1000 citae.
1375 974 1426 1000 20

365 1023 405 1062 io
425 1022 657 1073 Triumphe,
679 1030 722 1061 tu
742 1024 906 1062 moraris
925 1036 1066 1063 aureos

421 1098 556 1124 currus
576 1093 615 1124 et
635 1084 801 1124 intactas
822 1086 970 1125 boves?

368 1147 407 1187 io
427 1148 660 1198 Triumphe,
681 1160 756 1186 nec
778 1148 1013 1199 Iugurthino
1032 1162 1167 1200 parem

420 1210 525 1249 bello
544 1209 750 1260 reportasti
771 1211 927 1258 ducem,

367 1285 498 1322 neque
517 1271 759 1320 Africanum,
782 1273 846 1311 cui
866 1286 984 1323 super
1003 1274 1288 1325 Karthaginem

418 1334 540 1374 virtus
559 1336 813 1385 sepulchrum
833 1336 1025 1375 condidit.

366 1404 467 1436 terra
486 1396 664 1447 marique
683 1397 809 1436 victus
829 1399 953 1437 hostis
972 1398 1121 1449 punico

419 1459 583 1510 lugubre
604 1459 768 1499 mutavit
788 1474 936 1511 sagum.

366 1529 433 1560 aut
453 1522 517 1560 ille
537 1529 697 1561 centurn
718 1523 894 1562 nobilem
915 1524 1075 1564 Cretam
1096 1524 1259 1563 urbibus

420 1583 547 1623 ventis
567 1584 690 1623 iturus
711 1598 792 1624 non
813 1586 904 1633 suis,
1376 1598 1426 1636 30

367 1646 595 1685 exercitatas
614 1654 682 1685 aut
701 1647 799 1697 petit
819 1649 948 1698 Syrtes
969 1649 1089 1695 Noto,

420 1716 488 1747 aut
508 1709 627 1747 fertur
646 1709 796 1748 incerto
816 1710 923 1749 mari.

367 1771 592 1821 capaciores
611 1772 708 1810 affer
726 1772 815 1819 huc,
838 1785 946 1822 puer,
969 1773 1139 1823 scyphos

423 1840 462 1872 et
482 1833 584 1873 Chia
602 1833 693 1872 vina
711 1842 779 1873 aut
800 1835 944 1874 Lesbia
952 1849 963 1883 ;

368 1896 440 1943 vel,
463 1897 572 1946 quod
593 1897 781 1936 fluentem
801 1911 990 1936 nauseam
1011 1900 1204 1946 coerceat,

422 1958 560 1998 metire
581 1959 697 1998 nobis
718 1960 970 1999 Caecubum:

299 2027 301 2029 '
369 2032 503 2058 curam
524 2028 755 2071 metumque
776 2022 955 2061 Caesaris
975 2035 1105 2061 rerum
1125 2022 1231 2061 iuvat

422 2082 529 2122 dulci
550 2085 681 2133 Lyaeo
701 2084 861 2124 solvere.

1137 2138 1287 2190 (Epode
1305 2137 1373 2188 ix.)
