1624 2690
642 219 748 247 ODES
773 220 826 248 OF
851 220 1030 248 HORACE.

414 316 482 347 aut
501 308 542 347 in
561 309 757 348 umbrosis
778 309 986 349 Heliconis
1006 311 1083 349 oris

414 378 481 409 aut
501 384 617 422 super
638 371 766 410 Pindo
785 372 964 422 gelidove
983 372 1024 410 in
1045 374 1229 412 Haemo?
1300 391 1385 428 Ψ
1399 370 1506 417 „mast

415 434 522 472 unde
541 434 719 472 vocalem
740 441 887 489 terr-iere
906 434 1107 474 insecutae
1173 420 1297 486 Arimi
1303 451 1381 470 mr·-
1415 450 1449 463 ⁶
1463 422 1538 469 η(

577 496 738 545 Orphea
758 495 887 543 silvae,

301 660 308 667 ,
356 662 381 669 Γ
415 619 622 657 fluminum
642 621 774 670 lapsus
795 621 1020 670 celeresque
1039 628 1188 668 ventos,

414 681 606 735 blandum
626 689 665 720 et
676 679 827 720 auritas
844 682 990 721 fidibus
1010 683 1187 722 canoris

233 749 247 763 ¹
278 750 284 757 “
312 758 328 767 »’
373 740 454 768 ‘¹⁶⁴‘
576 744 721 782 ducere
741 730 918 794 quercus.

415 564 496 595 arte
516 564 692 596 materna
711 558 869 607 rapidos
889 566 1109 597 morantem

1180 573 1275 811 θ
1422 635 1468 660 10

1246 694 1295 747 Md
1335 683 1344 706 x

415 805 512 854 quid
531 806 638 855 prius
658 806 788 844 dicam
809 807 932 845 solitis
952 807 1123 859 parentis

414 867 607 915 laudibus,
630 868 699 918 qui
718 882 778 907 res
798 869 1006 907 hominum
1026 883 1072 907 ac
1093 870 1270 916 deorum,

414 929 484 979 qui
503 943 610 968 mare
630 943 676 968 ac
696 938 815 969 terras
834 931 1028 981 variisque
1048 932 1244 970 mundum

381 1027 418 1043 ,λ
439 1030 441 1035 ,
477 1033 488 1039 ι,
575 999 767 1042 temperat
786 993 916 1031 horis?

415 1032 522 1092 unde
542 1053 597 1092 nil
617 1054 743 1093 maius
762 1062 969 1105 generatur
988 1054 1085 1105 ipso,

414 1129 488 1154 nee
508 1116 612 1167 viget
631 1117 851 1167 quidquam
871 1117 997 1156 simile
1017 1125 1085 1156 aut
1104 1119 1344 1157 seeundum:

414 1178 612 1228 proximos
633 1179 687 1217 illi
706 1186 840 1218 tamen
860 1180 1069 1230 occupavit
1361 1184 1363 1186 ’

577 1242 704 1280 Pallas
724 1242 905 1280 honores.
1421 1256 1470 1279 20

414 1302 571 1352 proeliis
590 1304 719 1342 audax
737 1316 867 1353 neque
887 1311 925 1342 te
945 1303 1070 1343 silebo

416 1364 534 1403 Liber
552 1372 591 1403 et
610 1365 734 1404 saevis
754 1364 913 1404 inimica
933 1365 1055 1416 Virgo
1143 1374 1181 1409 J·
1193 1386 1206 1399 -w
1226 1397 1228 1400 .
1259 1388 1265 1398 ι

414 1425 539 1465 beluis
559 1439 633 1465 nec
652 1434 691 1465 te
711 1428 925 1466 metuende
944 1435 1050 1466 certa
1130 1458 1195 1477 wne

578 1489 740 1528 Phoebe
761 1489 909 1551 sagitta.
1294 1487 1316 1511 *²

415 1538 551 1590 dicam
566 1558 605 1590 et
623 1551 806 1590 Alcidem
827 1564 1049 1602 puerosque
1070 1552 1214 1599 Ledae,
1244 1551 1255 1578 ἶ

415 1613 522 1652 hunc
541 1613 664 1663 equis,
687 1613 797 1652 illum
817 1626 998 1671 superare
1018 1627 1044 1664 p
1046 1627 1160 1672 ‘gnis

415 1675 610 1723 nobilem3
639 1688 807 1724 quorum
827 1675 944 1714 simul
962 1675 1053 1714 alba
1072 1675 1201 1715 nautis

576 1738 687 1776 stella
706 1737 865 1785 refulsit,

414 1799 552 1838 defluit
571 1799 671 1838 saxis
691 1799 854 1850 agitatus
864 1800 1017 1847 humor,
1210 1848 1215 1854 ι

415 1861 631 1900 concidunt
649 1861 756 1900 venti
776 1861 1008 1912 fugiuntque
1028 1861 1164 1908 nubes,
1418 1875 1468 1911 30

414 1931 453 1962 et
472 1923 776 1975 minax—quod
788 1924 844 1971 sic
863 1924 1201 1974 voluere—ponto
1404 1946 1411 1986 ιι

574 1986 682 2024 unda
701 1985 905 2024 recumbit.
1408 1991 1409 1996 ’

415 2048 632 2086 Romulum
652 2054 741 2097 post
761 2048 834 2086 hos
854 2047 970 2097 prius,
992 2061 1043 2086 an
1063 2047 1241 2098 quietum

415 2109 584 2159 Pompili
603 2122 767 2160 regnum
787 2122 1016 2157 memorem,
1038 2123 1088 2148 an
1110 2109 1300 2159 superbos

413 2171 602 2222 Tarquini
622 2172 757 2218 fasces,
779 2170 931 2219 dubito,
952 2184 1003 2210 an
1023 2171 1187 2212 Catonis

574 2234 707 2272 nobile
726 2234 861 2272 letum.

412 2296 610 2346 Regulum
630 2303 668 2334 et
689 2296 855 2335 Scauros
874 2295 1108 2346 animaeque
1127 2308 1293 2347 magnae

412 2358 620 2409 prodigum
642 2359 822 2397 Paullum
843 2365 1050 2408 superante
1071 2360 1208 2398 Poeno

470 2412 533 2426 ...-
