1624 2690
619 186 727 215 ODES
751 186 804 214 OF
829 185 1009 214 HORACE.

393 278 580 317 concines
600 276 748 316 maiore
767 278 885 327 po'e'ta
904 276 1055 330 plectro

395 341 616 387 Caesarem,
639 339 881 389 quandoque
900 339 1027 377 trahet
1047 339 1198 377 feroces

394 416 463 453 per
482 415 636 441 sacrum
656 401 802 440 clivum
822 401 961 440 merita
979 401 1148 439 decorus

501 464 641 502 fronde
662 463 898 514 Sygambros
906 477 918 511 3
1027 462 1069 472 Ὦ
1081 468 1095 472 ”

394 540 475 577 quo
495 526 593 564 nihil
612 526 738 564 maius
758 525 948 564 meliusve
966 524 1078 564 terris

395 590 474 627 fata
494 590 691 627 donavere
712 588 888 637 bonique
909 587 990 626 divi

395 664 469 690 nec
489 650 651 697 dabunt,
674 650 853 700 quamvis
873 651 1036 688 redeant
1054 648 1096 687 in
1115 661 1255 688 aurum

502 720 680 762 tempora
699 712 882 762 priscum.
1398 723 1450 758 40

394 775 582 814 concines
602 763 834 824 laetosq-u?
825 774 909 812 dies
929 780 968 812 et
988 772 1110 812 Urbis

395 837 600 888 publicum
620 837 759 874 ludum
779 848 896 885 super
914 835 1123 885 impetrato

396 898 504 938 fortis
524 898 693 949 Augusti
712 898 841 936 reditu
860 898 1070 947 forumque

504 960 637 999 litibus
658 960 811 1014 orQim.

395 1030 481 1062 tum
501 1035 624 1069 meae,
646 1022 678 1060 si
698 1022 795 1072 quid
814 1022 953 1071 loquar
971 1020 1227 1067 audiendum,

396 1085 504 1124 vocis
523 1085 687 1123 accedet
706 1084 813 1122 bona
831 1096 939 1133 pars3
967 1090 1017 1130 et,
1042 1085 1051 1102 ‘
1064 1083 1101 1122 O
1122 1082 1181 1120 sol

397 1148 576 1198 pulcher!
606 1159 632 1185 o
650 1146 884 1184 laudandel'
905 1157 1056 1191 canam,
1078 1150 1237 1194 recepto

505 1210 675 1249 Caesare
694 1207 794 1246 felix.

397 1279 526 1321 teque,
548 1271 645 1309 dum
664 1269 853 1319 procedit,
880 1268 939 1307 ‘io
959 1267 1199 1317 Triumphe,²
1314 1278 1327 1318 2

398 1346 479 1372 non
501 1333 623 1371 semel
642 1332 832 1378 dicemus,
857 1330 918 1369 ‘io
938 1330 1180 1379 Triumphe,’
1257 1269 1277 1426 ι
1320 1344 1324 1350 ·
1401 1339 1452 1378 50

398 1395 533 1434 civitas
554 1394 684 1434 omnis
704 1393 969 1442 dabimusque
988 1388 1088 1431 divis

505 1458 620 1495 thura
638 1455 830 1506 benignis.

397 1526 437 1558 te
456 1520 596 1558 decem
616 1518 715 1557 tauri
735 1517 982 1566 totidemque
1000 1528 1154 1562 vaccae,

398 1594 463 1620 me
482 1588 592 1620 tener
611 1581 735 1619 solvet
754 1579 909 1628 vitii-lys,
931 1578 1067 1616 relicta

399 1650 522 1682 matre
541 1643 610 1693 qui
629 1642 743 1692 largis
763 1640 979 1680 iuvenescit
998 1639 1131 1678 herbis

506 1705 547 1742 in
567 1717 656 1743 mea
674 1710 777 1750 vota,
1075 1730 1080 1738 .

400 1767 527 1805 fronte
546 1772 728 1804 curvatos
748 1763 922 1803 imitatus
941 1763 1052 1813 ignes

399 1828 556 1867 tertium
575 1828 692 1865 lunae
711 1825 913 1865 referentis
933 1832 1073 1871 ortum,

400 1903 479 1940 qua
498 1896 633 1928 notam
653 1888 774 1934 duxit,
797 1887 934 1926 niveus
953 1885 1087 1933 videri,

507 1958 636 1989 cetera
655 1950 793 1988 fulvus.
1401 1946 1452 1982 60

1128 1999 1246 2051 (Odes
1266 2010 1318 2037 lv.
1340 1997 1397 2049 ii.)

753 2055 881 2094 XXV,

403 2137 588 2180 Phoebus
606 2137 805 2175 volentem
824 2135 972 2186 proelia
990 2147 1055 2174 me
1073 2134 1181 2184 loqui

402 2199 522 2238 victas
542 2206 580 2237 et
599 2198 716 2237 urbes
736 2197 928 2248 increpuit
946 2197 1037 2247 lyra,
1507 2241 1510 2247 .

456 2274 506 2299 ne
526 2273 645 2315 parva
651 2260 907 2324 ΤΧιΊ-ὴθῐιυηι
927 2271 996 2308 per
1014 2270 1162 2308 aequor
1269 2261 1355 2300 Aru(
1375 2270 1402 2320 ‚s
1421 2264 1542 2329 ,ιι-Ἥ

509 2323 594 2361 vela
613 2313 758 2361 darem.
815 2328 892 2368 tua,
916 2321 1070 2367 Caesar,
1091 2327 1198 2359 aetas
