1624 2690
73 680 221 723 §tou-”f

612 220 718 248 ODES
743 220 796 248 OF
821 219 1002 248 HORACE.

386 309 506 349 virtus
526 311 733 349 recludens
753 309 956 348 immeritis
976 309 1076 348 mori

386 373 539 411 caelum
560 379 700 423 negata
719 379 844 411 tentat
863 372 936 411 iter
954 371 1026 419 via,

440 442 656 484 coetusque
675 435 852 485 vulgares
872 442 910 473 et
929 435 1051 492 udam

494 497 640 546 spernit
660 498 827 535 humum
846 496 1019 547 fugiente
1038 508 1179 546 penna.

386 566 445 597 est
464 566 503 613 et
522 558 630 598 fideli
649 565 733 597 tuta
752 558 907 597 silentio

386 634 554 660 merces:
582 621 735 668 vetabo,
758 621 826 671 qui
847 620 999 661 Cereris
1019 633 1173 659 sacrum

439 682 604 747 vulgarit
624 696 801 736 arcanae,
823 683 898 721 sub
918 683 1045 722 isdem

494 745 542 784 sit
562 740 737 784 trabibus
757 745 982 795 fragilemve
1002 757 1160 784 mecum

318 843 320 846 .
387 808 512 847 solvat
530 808 741 868 PQHJ
771 820 889 857 saepe
911 807 1007 846 Dies
1037 807 1109 846 iter
1267 783 1375 836 {m}

247 900 261 913 ,
316 869 317 873 ’
387 871 587 921 neglectus
607 869 758 908 incesto
777 869 934 909 addidit
953 869 1167 920 integrum:
1392 881 1443 918 30

440 945 527 971 raro
545 933 849 971 antecedentem
869 933 1079 971 scelestum
1591 944 1595 948 ·

447 981 667 1034 '‘deseruit
687 995 789 1045 pede
810 996 945 1033 Poena
963 994 1117 1033 claudo.
1186 980 1323 1027 hm
1357 1023 1364 1040 ,
1435 985 1550 1027 sab-o
1576 1021 1581 1024 .

1002 1047 1074 1065 ’ὰ
1112 1055 1232 1105 (Odes
1251 1067 1309 1094 111.
1332 1054 1388 1107 ii.)
1443 1083 1471 1105 s-

751 1270 864 1308 XIV.

389 1431 543 1470 Iustum
564 1437 603 1470 et
622 1436 804 1470 tenacem
823 1429 1014 1487 PQifi
1033 1430 1160 1470 virum

389 1506 470 1532 non
489 1493 634 1532 civium
653 1493 771 1532 ardor
790 1505 908 1542 prava
927 1492 1158 1541 iubentium,

443 1568 524 1594 non
543 1556 673 1594 voltus
692 1554 872 1609 instantis
892 1554 1044 1605 tyranni

495 1624 628 1656 mente
649 1617 774 1667 quatit
794 1616 920 1666 solida
939 1629 1069 1667 neque
1089 1618 1242 1664 Auster,

389 1679 469 1718 dux
488 1678 653 1729 inquieti
673 1678 853 1730 turbidus
874 1679 1062 1726 Hadriae,

389 1754 463 1780 nec
482 1740 724 1780 fulminantis
744 1754 886 1792 magna
906 1728 1046 1780 {fia-nus
1066 1740 1189 1780 Iovisz

443 1803 475 1841 si
494 1803 638 1841 fractus
658 1802 838 1841 illabatur
857 1801 972 1849 orbis,

497 1863 741 1914 impavidum
761 1864 900 1903 ferient
919 1863 1065 1902 ruinae.

390 1926 465 1964 hac
483 1933 565 1964 arte'
585 1927 724 1964 Pollux
743 1933 782 1964 et
801 1938 922 1976 vagus
943 1926 1139 1964 Hercules

389 1987 521 2026 enisus
539 2000 649 2026 arces
667 1987 793 2038 attigit
812 1987 956 2038 igneas,
1394 2000 1443 2026 10

443 2062 544 2099 quos
563 2049 664 2088 inter
684 2050 885 2100 Augustus
904 2049 1140 2088 recumbens

497 2124 694 2162 purpureo
714 2110 814 2150 bibit
833 2124 900 2150 ore
920 2118 1063 2150 nectar.

389 2173 464 2212 hac
483 2180 525 2218 te,
542 2180 769 2225 merentem,
793 2174 950 2212 Bacche
968 2180 1088 2223 pater,
1110 2180 1201 2212 tuae

389 2248 527 2274 vexere
547 2235 662 2286 tigres
682 2234 844 2274 indocili
864 2234 998 2286 iugum
1222 2230 1345 2292 unt-131>
1367 2266 1371 2270 ,

442 2295 546 2332 collo
566 2295 763 2338 trahentes
772 2308 783 2342 3
810 2295 885 2333 hac
905 2293 1093 2343 Quirinus

498 2357 637 2396 Martis
655 2357 767 2407 equis
787 2357 1013 2396 Acheronta
1031 2357 1139 2408 fugit,
