1676 2696
589 211 698 239 onus
723 212 776 240 OF
799 212 981 240 nomer„
1377 216 1422 252 33

361 307 546 340 utrumne
565 300 660 340 iussi
678 315 962 353 persequemur
980 303 1118 351 otium,

414 375 496 401 non
516 363 645 411 dulce,
667 364 709 402 ni
727 371 861 404 tecum
881 365 1008 413 simul,

359 440 411 466 an
431 428 539 467 hunc
558 428 735 468 laborem
755 437 889 469 mente
909 430 1034 479 laturi,
1055 431 1172 471 decet

412 503 492 541 qua
510 491 609 530 ferre
629 504 711 530 non
731 493 871 531 molles
890 492 1018 532 viros?
1371 508 1419 534 10

359 553 539 601 feremus,
561 560 601 592 et
619 561 659 593 te
678 555 741 593 vel
759 567 831 606 per
848 555 1013 606 Alpium
1032 555 1132 608 iuga,

412 615 693 667 inhospitalem
712 623 752 655 et
772 618 1009 667 Caucasum,

359 679 421 717 vel
441 679 674 718 Occidentis
693 693 820 730 usque
839 680 892 719 ad
911 679 1096 720 ultimum
1116 681 1259 730 sinum,

412 741 502 780 forti
521 754 733 792 sequemur
746 750 918 793 pectore.

356 815 480 853 roges,
502 811 616 842 tuum
635 804 769 843 labore
788 804 886 855 quid
905 805 1037 844 iuvem
1057 818 1160 853 meo,

410 864 581 904 imbellis
599 879 647 904 ac
666 867 801 906 firmus
819 868 984 918 parum?

355 939 491 966 comes
510 927 662 967 minore
682 942 770 968 sum
789 930 942 968 futurus
961 929 1003 968 in
1022 936 1142 978 metu,

409 989 478 1040 qui
498 990 623 1029 maior
640 990 825 1030 absentes
844 991 983 1040 habet3

354 1058 398 1090 ut
417 1051 596 1091 assidens
616 1052 874 1103 implumibus
892 1053 1010 1104 pullis
1029 1053 1112 1094 avis

409 1115 651 1164 serpentium
670 1116 841 1167 allapsus
860 1116 973 1156 timet
1362 1131 1412 1157 20

353 1177 477 1227 magis
497 1177 650 1225 relictis,
673 1191 765 1226 non,
788 1186 831 1217 ut
849 1179 963 1227 adsit,
983 1179 1103 1218 auxili

405 1239 530 1278 latura
548 1240 637 1290 plus
656 1241 938 1290 praesentibus.

352 1300 519 1340 libenter
537 1302 615 1340 hoc
634 1310 674 1341 et
693 1299 813 1342 oriine
833 1303 1063 1344 militabitur

406 1363 554 1402 bellurn
574 1363 615 1402 in
635 1372 726 1404 tuae
746 1378 858 1416 spem
877 1366 1033 1417 gratiae,

352 1438 434 1464 non
454 1434 496 1465 ut
514 1427 693 1476 juvencis
713 1428 858 1479 illigata
876 1428 1054 1480 pluribus

404 1495 530 1527 aratra
549 1489 723 1528 nitantur
742 1503 841 1538 mea,

350 1561 522 1599 pecusve
542 1551 722 1591 Calabris
741 1560 833 1592 ante
853 1553 962 1592 sidus
980 1553 1175 1594 fervidum

405 1613 567 1652 Lucana
587 1622 713 1653 mutet
732 1615 899 1665 pascuis,

350 1686 481 1724 neque
500 1683 543 1714 ut
563 1677 722 1726 superni
742 1677 831 1715 villa
850 1678 1026 1717 candens
1046 1679 1210 1718 Tusculi

404 1737 568 1776 Circaea
586 1746 719 1790 tangat
740 1740 908 1778 moenia.
1355 1756 1406 1793 30

349 1799 442 1837 satis
462 1812 659 1851 superque
680 1814 744 1840 me
765 1802 985 1853 benignitas
1000 1809 1069 1841 tua

401 1861 556 1900 ditavit:
586 1863 694 1902 haud
712 1877 911 1914 paravero,

347 1924 458 1972 quod
476 1932 544 1963 aut
563 1938 701 1964 avarus
720 1934 763 1965 ut
784 1927 976 1967 Chremes
995 1934 1096 1967 terra
1114 1940 1304 1979 premam,

401 1985 618 2027 discinctus
636 1995 705 2028 aut
723 1989 888 2040 perdam
907 2003 1044 2041 nepos.

1136 2052 1287 2105 (Epode
1305 2054 1348 2103 i.)

261 2415 349 2450 (999)
