1624 2690
599 209 706 238 ODES
731 209 784 237 OF
809 208 987 236 HORACE.

425 315 545 352 quam
565 313 704 351 cogere
724 300 920 338 humanos
938 299 980 336 in
999 311 1092 336 usus

479 376 598 402 omne
618 375 772 402 sacrum
791 360 966 411 rapiente
985 360 1129 399 dextra.

373 426 600 478 quicunque
621 425 773 463 mundo
793 422 983 462 terminus
1005 422 1164 470 obstitit,

373 493 480 530 hunc
498 497 633 541 tanget
651 489 780 537 armis,
802 488 925 527 visere
944 487 1126 549 ςθὲἓεηε,
1203 515 1278 554 W
1294 510 1320 542 Α
1353 520 1373 541 ..v
1398 500 1487 558 P*

428 566 507 604 qua
526 560 634 603 parte
654 551 949 596 debacchentur
970 550 1089 601 ignes,
1144 576 1147 578 -
1236 585 1255 598 μ
1273 585 1278 593 ,
1296 571 1361 603 '³³5
1381 587 1386 598 ,

481 628 560 665 qua
580 614 748 653 nebulae
767 613 968 664 pluviique
988 626 1103 652 rores.
1244 597 1257 618 α

375 679 446 717 sed
467 676 662 716 bellicosis
682 677 759 714 fata
781 674 1000 724 Quiritibus

375 742 450 779 hac
470 741 554 790 lege
574 738 676 786 dico,
699 751 750 777 ne
770 737 936 776 nimium
956 737 1010 788 pii

429 802 626 851 rebusque
648 801 816 839 fidentes
834 800 960 839 avitae

483 871 587 903 tecta
605 862 726 902 velint
746 875 922 913 reparare
942 861 1094 900 Troiae.
1380 861 1430 896 60

377 926 520 965 Troiae
540 938 750 965 renascens
769 925 860 963 alite
880 923 1034 975 lugubri

377 989 532 1028 fortuna
552 987 650 1026 tristi
670 971 1012 1033 cladeTEirabitur,

430 1051 602 1090 ducente
622 1049 799 1089 victrices
819 1056 991 1088 catervas

485 1112 653 1163 coniuge
673 1125 738 1150 me
759 1111 865 1150 Iovis
884 1117 923 1149 et
942 1122 1085 1149 sorore.

377 1183 436 1215 ter
455 1174 487 1214 si
506 1181 678 1225 resurgat
699 1186 832 1212 murus
851 1175 998 1230 αξξ-ρεαδ

378 1245 538 1277 auctore
559 1236 736 1284 Phoebo,
757 1243 815 1274 ter
833 1241 965 1285 pereat
985 1233 1083 1272 meis

432 1299 584 1339 excisus
604 1298 767 1349 Argivis,
791 1306 848 1336 ter
867 1310 964 1335 uxor

486 1369 601 1412 capta
620 1360 746 1399 virum
766 1372 989 1410 puerosque
1009 1358 1145 1408 ploret.

379 1438 461 1464 non
480 1426 558 1463 hoc
578 1424 735 1462 iocosae
755 1421 964 1461 conveniet
983 1422 1106 1471 lyrae:

379 1500 472 1538 quo,
496 1488 624 1533 Musa,
647 1484 801 1524 tendis?
856 1483 993 1523 desine
1013 1481 1191 1538 peggigax
1384 1491 1434 1529 70

434 1550 574 1588 referre
594 1559 796 1586 sermones
816 1547 982 1585 deorum
1003 1552 1041 1584 et

489 1623 631 1661 magna
651 1608 781 1648 modis
800 1616 961 1647 tenuare
981 1606 1118 1658 parvis.

1091 1667 1208 1719 (Odes
1227 1678 1286 1704 111.
1309 1664 1380 1716 iii.)

759 1796 845 1834 XV,

385 1917 597 1958 Descende
616 1917 727 1955 caelo
747 1922 786 1954 et
806 1914 871 1953 dic
890 1926 961 1964 age
981 1912 1076 1951 tibia

383 1980 516 2032 regina
534 1981 697 2029 longum
718 1976 896 2027 Calliope
915 1976 1051 2021 melos,

437 2056 507 2082 seu
526 2054 625 2081 voce
645 2052 752 2078 nunc
772 2038 894 2077 mavis
913 2032 1039 2084 acuta,

492 2117 560 2143 seu
581 2102 726 2142 fidibus
745 2093 1154 2150 citharaque-Phoebi.

384 2166 539 2213 auditis,
560 2158 695 2204 anine
714 2163 814 2202 ludit
833 2161 1013 2201 amabilis

385 2227 560 2268 insania?
588 2225 724 2265 audire
743 2233 782 2264 et
800 2224 937 2263 videor
956 2222 1042 2273 pios

439 2303 564 2330 errare
583 2302 652 2339 per
671 2289 792 2334 lucos,
814 2276 1010 2325 amoenae

494 2364 596 2403 quos
614 2358 654 2390 et
672 2362 799 2401 aquae
819 2348 990 2387 subeunt
1008 2353 1048 2386 et
1066 2356 1192 2385 aurae.

1529 472 1563 517 ’,ί
