1624 2690
587 205 693 233 omes
718 205 771 233 or
797 205 977 233 HORACE.
1376 206 1420 241 59

413 308 488 335 ceu
508 296 667 334 flamma
686 308 756 346 per
774 296 911 335 taedas
931 297 993 335 vel
1014 297 1144 335 Eurus

467 371 537 409 per
556 359 706 398 Siculas
726 347 916 409 eqffl't-avit
935 360 1074 398 undas.

360 429 449 472 post
468 422 547 460 hoc
565 422 751 460 secundis
770 435 897 472 usque
916 422 1117 461 laboribus

361 486 545 524 Romana
563 484 690 535 pubes
709 484 840 532 crevit,
863 491 903 523 et
921 484 1046 535 impio

412 554 562 586 vastata
582 549 808 586 Poenorum
828 548 1000 586 tumultu

466 610 558 648 fana
576 610 674 648 deos
694 609 867 648 habuere
887 617 1027 656 rectos,

359 671 536 722 dixitque
555 673 718 711 tandem
738 672 912 722 perfidus
933 671 1157 711 Hannibal:

362 737 371 754 ‘
383 733 498 781 cervi,
520 735 704 784 luporum
723 735 870 784 praeda
888 734 1102 785 rapacium,
1367 746 1419 786 50

413 803 609 835 sectamur
626 797 740 844 ultro,
762 809 864 847 quos
883 796 1041 847 opimus
1085 810 1104 831 ³
1119 796 1194 850 μζ...
1208 809 1300 834 ,μμ

467 859 659 915 fallere-vet
678 859 850 910 effugere
869 867 929 898 est
936 844 1180 910 ffiumphus.

357 933 465 970 gens,
487 933 590 970 quae
610 928 785 960 cremato
804 922 915 961 fortis
934 922 986 960 ab
1007 922 1083 961 Ilio

358 982 500 1021 iactata
519 983 661 1022 Tuscis
680 972 929 1033 aequoflbiis,
952 997 1062 1023 sacra
1096 1004 1100 1007 ·

412 1052 607 1095 natosque
626 1053 882 1096 maturosque
900 1054 1030 1096 patres

466 1107 624 1158 pertulit
643 1108 841 1147 Ausonias
860 1109 912 1147 ad
932 1109 1060 1156 urbes,
1160 1109 1189 1159 οἱ
1208 1086 1309 1176 Ἦῦ

359 1169 466 1208 duris
486 1177 529 1208 ut
549 1170 625 1208 ilex
643 1156 1020 1220 toffbipennibus
1395 1186 1399 1188 ·
1453 1176 1471 1244 ι

358 1216 491 1283 υἱέϊ-ἀθ
511 1232 628 1271 feraci
648 1232 799 1272 frondis
819 1233 859 1271 in
879 1233 1037 1284 Algido,
1150 1225 1230 1303 ΖΜ
1254 1206 1301 1289 ι’(
1317 1189 1450 1269 &bn
1486 1236 1490 1241 '

412 1307 482 1345 per
501 1283 658 1342 damna,
680 1308 750 1345 per
769 1297 912 1335 caedes
931 1296 984 1335 ab
1002 1296 1090 1346 ipso

465 1357 576 1396 ducit
595 1371 692 1408 opes
710 1358 969 1408 animumque
988 1359 1100 1397 ferro.
1367 1362 1418 1398 60

1222 898 1514 950 σιν-ιω.

358 1433 439 1458 non
462 1421 603 1470 Hydra
622 1428 732 1459 secto
750 1433 917 1472 corpore
937 1422 1086 1460 firmior

357 1481 461 1520 vinci
481 1482 684 1520 dolentem
704 1482 825 1522 crevit
843 1482 885 1520 in
907 1484 1136 1531 Herculem,

412 1552 681 1583 monstrumve
701 1544 918 1584 submisere
938 1546 1079 1602 th

467 1606 592 1644 maius
614 1605 881 1646 Echioniaeve
901 1608 1076 1647 Thebae.

359 1681 505 1725 mgs—es
525 1669 735 1718 profundo,
757 1670 956 1718 pulchrior
975 1670 1125 1719 evenit3

357 1731 514 1786 lugt-ere,
538 1731 661 1768 multa
680 1738 839 1780 proruet
858 1731 1053 1782 integrum

410 1805 503 1831 cum
523 1793 640 1832 laude
658 1793 849 1832 victorem
867 1802 1056 1845 geretque

464 1855 614 1904 proelia
632 1855 867 1907 coniugibus
887 1857 1098 1907 loquenda.

360 1917 593 1968 Karthagini
612 1916 794 1977 iam-non
813 1932 888 1970 ego
907 1919 1069 1958 nuntios

358 1965 512 2017 mittar-n
532 1980 732 2030 superbos.
791 1981 950 2030 occidit,
973 1981 1119 2020 occidit
1367 1994 1417 2032 70

411 2054 502 2092 spes
521 2042 651 2081 omnis
670 2050 710 2082 et
729 2044 886 2082 fortuna
905 2043 1028 2082 nostri

464 2103 648 2152 nominis,
672 2105 926 2144 Hasdrubale
946 2106 1203 2157 interempto’.

357 2164 412 2204 nil
432 2166 624 2224 Cla-Qiae
643 2180 725 2206 non
745 2168 950 2218 perficient
969 2181 1122 2216 manus,

358 2240 456 2278 quas
475 2235 514 2267 et
533 2228 707 2280 benigno
726 2230 890 2268 numine
911 2230 1061 2281 Iupiter

411 2290 590 2329 defendit
609 2298 647 2330 et
667 2304 784 2330 curae
803 2304 963 2342 sagaces

465 2352 680 2403 expediunt
698 2366 768 2403 per
786 2361 902 2393 acuta
921 2354 1025 2393 belli.
1078 2354 1197 2406 (Odes
1218 2367 1269 2393 lv,
1292 2355 1359 2406 iv.)
