1676 2696
672 202 779 230 ODES
803 203 856 231 OF
882 202 1061 232 HORACE.

445 291 627 330 nondum
647 291 810 342 expiatis
831 300 951 332 uncta
970 293 1184 342 cruoribus,

444 352 687 403 periculosae
707 355 869 404 plenum
890 368 990 405 opus
1009 356 1129 403 aleae,

498 421 639 454 tractas
659 422 698 454 et
718 416 870 455 incedis
889 430 958 467 per
977 417 1087 468 ignes

552 477 777 527 suppositos
797 478 918 517 cineri
937 480 1089 518 doloso.

444 539 619 588 paullum
640 552 797 579 severae
818 542 937 579 Musa
955 540 1180 592 tragoediae

444 600 545 639 desit
564 601 744 640 theatris:
773 615 866 641 mox
885 602 953 641 ubi
972 603 1150 653 publicas

498 675 558 701 res
578 663 779 711 ordinaris,
801 665 949 714 grande
969 678 1114 704 munus

552 726 748 775 Cecropio
768 733 920 776 repetes
939 727 1146 775 cothurno,

443 785 595 836 insigne
615 787 774 826 maestis
793 788 1032 838 praesidium
1051 789 1126 828 reis

444 854 483 887 et
502 848 734 896 consulenti,
758 850 896 897 Pollio,
918 849 1059 898 curiae,

498 910 561 948 cui
581 911 712 952 laurus
731 918 911 950 aeternos
930 912 1101 951 honores

554 971 777 1011 Delmatico
797 973 948 1023 peperit
967 973 1178 1024 triumpho.

443 1045 521 1071 iam
538 1046 643 1071 nunc
660 1034 804 1073 minaci
824 1048 1023 1074 murmure
1038 1049 1231 1075 cornuum

443 1095 668 1145 perstringis
687 1109 810 1143 aures,
832 1096 910 1134 iam
931 1096 1016 1135 litui
1036 1104 1223 1147 strepunt,

497 1156 575 1195 iam
595 1158 722 1207 fulgor
740 1171 939 1196 armorum
959 1160 1116 1209 fugaces

548 1225 664 1257 terret
680 1232 803 1269 equos
819 1219 1076 1270 equitumque
1091 1222 1228 1260 voltus.

442 1279 578 1319 audire
597 1293 761 1331 magnos
781 1280 860 1319 iam
880 1282 1016 1321 videor
1036 1283 1158 1322 duces

443 1354 524 1380 non
543 1342 732 1381 indecoro
752 1344 912 1393 pulvere
931 1344 1125 1392 sordidos,

496 1410 534 1442 et
554 1411 698 1443 cuncta
717 1411 906 1444 terrarum
926 1405 1089 1445 subacta

548 1473 701 1515 praeter
714 1473 888 1506 atrocem
907 1467 1085 1506 animum
1105 1469 1278 1509 Catonis.

443 1528 545 1566 Iuno
565 1534 604 1566 et
624 1528 790 1567 deorum
810 1528 987 1580 quisquis
1006 1529 1171 1569 amicior

441 1589 545 1627 Afris
565 1588 689 1628 inulta
708 1598 877 1629 cesserat
896 1590 1093 1641 impotens

495 1652 632 1690 tellure
651 1651 845 1691 victorum
865 1660 1030 1703 nepotes

548 1713 695 1752 rettulit
714 1713 871 1753 inferias
893 1715 1117 1766 Iugurthae.

440 1773 528 1824 quis
548 1787 629 1813 non
650 1774 793 1814 Latino
813 1777 1002 1826 sanguine
1021 1776 1203 1827 pinguior

440 1849 603 1886 campus
623 1836 811 1886 sepulcris
831 1838 952 1888 impia
971 1839 1119 1888 proelia

494 1905 656 1936 testatur
674 1899 935 1948 auditumque
956 1900 1088 1938 Medis

495 1958 714 2008 Hesperiae
734 1959 907 1998 sonitum
927 1961 1087 1999 ruinae?

439 2019 507 2070 qui
526 2033 664 2071 gurges
683 2028 751 2060 aut
771 2035 872 2071 quae
892 2022 1055 2060 flumina
1073 2022 1246 2073 lugubris

438 2081 571 2133 ignara
590 2082 706 2121 belli?
734 2084 844 2133 quod
864 2097 970 2122 mare
991 2084 1172 2123 Dauniae

495 2155 576 2182 non
596 2144 870 2184 decoloravere
889 2147 1054 2184 caedes?

546 2218 648 2256 quae
666 2214 772 2245 caret
792 2220 860 2246 ora
879 2220 1016 2246 cruore
1036 2208 1195 2247 nostro?

1452 618 1500 643 10

1448 1235 1498 1260 20

1444 1852 1495 1888 30
